@article{smith2019deep,
    author = {Smith, John and Brown, Alice},
    title = {Deep Learning for Cyber Threat Detection},
    journal = {Journal of Cybersecurity},
    year = {2019},
    volume = {10},
    number = {2},
    pages = {123--135}
}

@inproceedings{wang2020flow,
    author = {Wang, Li and Zhang, Wei},
    title = {Network Flow Analysis for Security Applications},
    booktitle = {Proceedings of the International Conference on Network Security},
    year = {2020},
    pages = {45--50}
}

@article{yang2019federated,
    author = {Yang, Qiang and Liu, Yang and Chen, Tianjian},
    title = {Federated Machine Learning: Concept and Applications},
    journal = {IEEE Transactions on Big Data},
    year = {2019},
    volume = {5},
    number = {4},
    pages = {347--362}
}
